=LDR  00755cam  22002414a 4500
=001  fol05731351\
=003  IMchF
=005  20000613133448.0
=008  000107s2000\\\\nyua\\\\\\\\\\001\0\eng\\
=010  \\$a   00020737 
=020  \\$a0471383147 (paper/cd-rom : alk. paper)
=040  \\$aDLC$cDLC$dDLC
=042  \\$apcc
=050  00$aQA76.73.P22$bM33 2000
=082  00$a005.13/3$221
=100  1\$aMartinsson, Tobias,$d1976-
=245  10$aActivePerl with ASP and ADO /$cTobias Martinsson.
=260  \\$aNew York :$bJohn Wiley & Sons,$c2000.
=300  \\$axxi, 289 p. :$bill. ;$c23 cm. +$e1 computer  laser disc (4 3/4 in.)
=500  \\$a"Wiley Computer Publishing."
=650  \0$aPerl (Computer program language)
=630  00$aActive server pages.
=630  00$aActiveX.

