=LDR  00647pam  2200241 a 4500
=001  fol05754809\
=003  IMchF
=005  20000601115601.0
=008  000203s2000\\\\mau\\\\\\\\\\\001\0\eng\\
=010  \\$a   00022023 
=020  \\$a1565926994
=040  \\$aDLC$cDLC$dDLC
=042  \\$apcc
=050  00$aQA76.73.P22$bD47 2000
=082  00$a005.74$221
=100  1\$aDescartes, Alligator.
=245  10$aProgramming the Perl DBI /$cAlligator Descartes and Tim Bunce.
=260  \\$aCmabridge, MA :$bO'Reilly,$c2000.
=263  \\$a1111
=300  \\$ap. cm.
=650  \0$aPerl (Computer program language)
=650  \0$aDatabase management.
=700  1\$aBunce, Tim.

