=LDR  00605cam  22002054a 4500
=001  fol05843555\
=003  IMchF
=005  20000525142739.0
=008  000318s1999\\\\cau\\\\\\b\\\\001\0\eng\\
=010  \\$a   00501349 
=040  \\$aDLC$cDLC$dDLC
=042  \\$apcc
=050  00$aQA76.73.P22$bB763 1999
=082  00$a005.13/3$221
=100  1\$aBrown, Martin C.
=245  10$aPerl :$bprogrammer's reference /$cMartin C. Brown.
=260  \\$aBerkeley :$bOsborne/McGraw-Hill,$cc1999.
=300  \\$axix, 380 p. ;$c22 cm.
=504  \\$aIncludes bibliographical references and index.
=650  \0$aPerl (Computer program language)

