=LDR  00579cam  22002054a 4500
=001  fol05843579\
=003  IMchF
=005  20000525142716.0
=008  000318s1999\\\\caua\\\\\\\\\\001\0\eng\\
=010  \\$a   00502116 
=020  \\$a0072120002
=040  \\$aDLC$cDLC$dDLC
=042  \\$apcc
=050  00$aQA76.73.P22$bB762 1999
=082  00$a005.13/3$221
=100  1\$aBrown, Martin C.
=245  10$aPerl :$bthe complete reference /$cMartin C. Brown.
=260  \\$aBerkeley :$bOsborne/McGraw-Hill,$cc1999.
=300  \\$axxxv, 1179 p. :$bill. ;$c24 cm.
=650  \0$aPerl (Computer program language)

