=LDR  00801nam  22002778a 4500
=001  fol05848297\
=003  IMchF
=005  20000524125727.0
=008  000518s2000\\\\mau\\\\\\\\\\\001\0\eng\\
=010  \\$a   00041664 
=020  \\$a1565924193
=040  \\$aDLC$cDLC
=042  \\$apcc
=050  00$aQA76.73.P22$bG84 2000
=082  00$a005.2/762$221
=100  1\$aGuelich, Scott.
=245  10$aCGI programming with Perl /$cScott Guelich, Shishir Gundavaram & Gunther Birznieks.
=250  \\$a2nd ed., expanded & updated
=260  \\$aCambridge, Mass. :$bO'Reilly,$c2000.
=263  \\$a0006
=300  \\$ap. cm.
=650  \0$aPerl (Computer program language)
=650  \0$aCGI (Computer network protocol)
=650  \0$aInternet programming.
=700  1\$aGundavaram, Shishir.
=700  1\$aBirznieks, Gunther.

