=LDR  00665nam  22002298a 4500
=001  fol05865950\
=003  IMchF
=005  20000615103017.0
=008  000612s2000\\\\mau\\\\\\\\\\\100\0\eng\\
=010  \\$a   00055759 
=020  \\$a0596000138
=040  \\$aDLC$cDLC
=042  \\$apcc
=050  00$aQA76.73.P22$bP475 2000
=082  00$a005.13/3$221
=111  2\$aPerl Conference 4.0$d(2000 :$cMonterey, Calif.)
=245  10$aProceedings of the Perl Conference 4.0 :$bJuly 17-20, 2000, Monterey, California.
=250  \\$a1st ed.
=260  \\$aCambridge, Mass. :$bO'Reilly,$c2000.
=263  \\$a0006
=300  \\$ap. cm.
=650  \0$aPerl (Computer program language)$vCongresses.

