=LDR  00579nam  22002178a 4500
=001  fol05865956\
=003  IMchF
=005  20000615102948.0
=008  000612s2000\\\\mau\\\\\\\\\\\000\0\eng\\
=010  \\$a   00055770 
=020  \\$a1565926099
=040  \\$aDLC$cDLC
=042  \\$apcc
=050  00$aQA76.73.P22$bB43 2000
=082  00$a005.13/3$221
=100  1\$aBlank-Edelman, David N.
=245  10$aPerl for system administration /$cDavid N. Blank-Edelman.
=260  \\$aCambridge, Mass. :$bO'Reilly,$c2000.
=263  \\$a0006
=300  \\$ap. cm.
=650  \0$aPerl (Computer program language)

