=LDR  00661nam  22002538a 4500
=001  fol05865967\
=003  IMchF
=005  20000615102611.0
=008  000614s2000\\\\mau\\\\\\\\\\\000\0\eng\\
=010  \\$a   00055799 
=020  \\$a0596000278
=040  \\$aDLC$cDLC
=042  \\$apcc
=050  00$aQA76.73.P22$bW35 2000
=082  00$a005.13/3$221
=100  1\$aWall, Larry.
=245  10$aProgramming Perl /$cLarry Wall, Tom Christiansen & Jon Orwant.
=250  \\$a3rd ed.
=260  \\$aCambridge, Mass. :$bO'Reilly,$c2000.
=263  \\$a0007
=300  \\$ap. cm.
=650  \0$aPerl (Computer program language)
=700  1\$aChristiansen, Tom.
=700  1\$aOrwant, Jon.

