=LDR  00603cam  22002054a 4500
=001  fol05872355\
=003  IMchF
=005  20000706095105.0
=008  000315s1999\\\\njua\\\\\\\\\\001\0\eng\\
=010  \\$a   00500678 
=020  \\$a013020868X
=040  \\$aDLC$cDLC$dDLC
=042  \\$apcc
=050  00$aQA76.73.P22$bL69 1999
=082  00$a005.13/3$221
=100  1\$aLowe, Vincent$q(Vincent D.)
=245  10$aPerl programmer's interactive workbook /$cVincent Lowe.
=260  \\$aUpper Saddle River, NJ :$bPrentice Hall PTP,$cc1999.
=300  \\$axx, 633 p. :$bill. ;$c23 cm.
=650  \0$aPerl (Computer program language)

