=LDR  00696nam  22002538a 4500
=001  fol05882032\
=003  IMchF
=005  20000707091904.0
=008  000630s2000\\\\cau\\\\\\\\\\\001\0\eng\\
=010  \\$a   00058174 
=020  \\$a0764547291 (alk. paper)
=040  \\$aDLC$cDLC
=042  \\$apcc
=050  00$aQA76.73.P22$bF64 2000
=082  00$a005.13/3$221
=100  2\$aFoster-Johnson, Eric.
=245  10$aCross-platform Perl /$cEric F. Johnson.
=260  \\$aFoster City, CA :$bIDG Books Worldwide,$c2000.
=263  \\$a0009
=300  \\$ap. cm.
=500  \\$aIncludes index.
=650  \0$aPerl (Computer program language)
=650  \0$aWeb servers.
=650  \0$aCross-platform software development.
